@article{Hu2020,
author = {Hu, Jiashun and Gurnis, Michael},
title = {Subduction Duration and Slab Dip},
journal = {Geochemistry, Geophysics, Geosystems},
volume = {21},
number = {4},
pages = {e2019GC008862},
keywords = {slab dip, subduction duration, long-term state, overriding plate nature, slab age, multivariate regression},
doi = {https://doi.org/10.1029/2019GC008862},
url = {https://agupubs.onlinelibrary.wiley.com/doi/abs/10.1029/2019GC008862},
eprint = {https://agupubs.onlinelibrary.wiley.com/doi/pdf/10.1029/2019GC008862},
year = {2020}
}


@article{barazangi1976,
  title={Spatial distribution of earthquakes and subduction of the Nazca plate beneath South America},
  author={Barazangi, Muawia and Isacks, Bryan L},
  journal={Geology},
  volume={4},
  number={11},
  pages={686--692},
  year={1976},
  publisher={Geological Society of America}
}

@article{perez2008,
  title={Effective elastic thickness variations along the Andean margin and their relationship to subduction geometry},
  author={P{\'e}rez-Gussiny{\'e}, M and Lowry, AR and Phipps Morgan, J and Tassara, A},
  journal={Geochemistry, Geophysics, Geosystems},
  volume={9},
  number={2},
  year={2008},
  publisher={Wiley Online Library}
}


@article{Gutscher2000A,
  title={Geodynamics of flat subduction: Seismicity and tomographic constraints from the Andean margin},
  author={Gutscher, Marc-Andr{\'e} and Spakman, Wim and Bijwaard, Harmen and Engdahl, E Robert},
  journal={Tectonics},
  volume={19},
  number={5},
  pages={814--833},
  year={2000},
  publisher={Wiley Online Library}
}

@article{muller2019,
  title={A global plate model including lithospheric deformation along major rifts and orogens since the Triassic},
  author={M{\"u}ller, R Dietmar and Zahirovic, Sabin and Williams, Simon E and Cannon, John and Seton, Maria and Bower, Dan J and Tetley, Michael G and Heine, Christian and Le Breton, Eline and Liu, Shaofeng and others},
  journal={Tectonics},
  volume={38},
  number={6},
  pages={1884--1907},
  year={2019},
  publisher={Wiley Online Library}
}

@book{lyell2009, 
  place={Cambridge}, 
  series={Cambridge Library Collection - Earth Science}, 
  title={Principles of Geology: An Attempt to Explain the Former Changes of the Earth's Surface, by Reference to Causes now in Operation}, 
  volume={2}, 
  DOI={10.1017/CBO9780511701566}, 
  publisher={Cambridge University Press}, 
  author={Lyell, Charles}, 
  year={2009}, 
  collection={Cambridge Library Collection - Earth Science}
  }
  
 @article{minear1970thermal,
  title={Thermal regime of a downgoing slab and new global tectonics},
  author={Minear, John W and Toks{\"o}z, M Nafi},
  journal={Journal of Geophysical Research},
  volume={75},
  number={8},
  pages={1397--1419},
  year={1970},
  publisher={Wiley Online Library}
}

@book{turcotte2002geodynamics,
  title={Geodynamics},
  author={Turcotte, Donald L and Schubert, Gerald},
  year={2002},
  publisher={Cambridge university press}
}

@article{schellart2020control,
  title={Control of subduction zone age and size on flat slab subduction},
  author={Schellart, Wouter Pieter},
  journal={Frontiers in Earth Science},
  volume={8},
  pages={26},
  year={2020},
  publisher={Frontiers Media SA}
}

@article{jordan1978composition,
  title={Composition and development of the continental tectosphere},
  author={Jordan, Thomas H},
  journal={Nature},
  volume={274},
  number={5671},
  pages={544--548},
  year={1978},
  publisher={Nature Publishing Group}
}

@article{van2002role,
  title={On the role of subducting oceanic plateaus in the development of shallow flat subduction},
  author={van Hunen, Jeroen and Van Den Berg, Arie P and Vlaar, Nico J},
  journal={Tectonophysics},
  volume={352},
  number={3-4},
  pages={317--333},
  year={2002},
  publisher={Elsevier}
}

@article{van2000thermo,
  title={A thermo-mechanical model of horizontal subduction below an overriding plate},
  author={van Hunen, Jeroen and van den Berg, Arie P and Vlaar, Nico J},
  journal={Earth and Planetary Science Letters},
  volume={182},
  number={2},
  pages={157--169},
  year={2000},
  publisher={Elsevier}
}

@article{pardo1995,
  title={Shape of the subducted Rivera and Cocos plates in southern Mexico: Seismic and tectonic implications},
  author={Pardo, Mario and Su{\'a}rez, Gerardo},
  journal={Journal of Geophysical Research: Solid Earth},
  volume={100},
  number={B7},
  pages={12357--12373},
  year={1995},
  publisher={Wiley Online Library}
}

@article{PerezCampos2008,
   author = {Xyoli Pérez-Campos and Young Hee Kim and Allen Husker and Paul M. Davis and Robert W. Clayton and Arturo Iglesias and Javier F. Pacheco and Shri K. Singh and Vlad Constantin Manea and Michael Gurnis},
   doi = {10.1029/2008GL035127},
   issn = {00948276},
   issue = {18},
   journal = {Geophysical Research Letters},
   month = {9},
   title = {Horizontal subduction and truncation of the Cocos Plate beneath central Mexico},
   volume = {35},
   year = {2008},
}

@article{Song2009,
   author = {Teh Ru Alex Song and Donald V. Helmberger and Michael R. Brudzinski and Robert W. Clayton and Paul Davis and Xyoli Pérez-Campos and Shri K. Singh},
   doi = {10.1126/science.1167595},
   issn = {00368075},
   issue = {5926},
   journal = {Science},
   month = {4},
   pages = {502-506},
   title = {Subducting slab ultra-slow velocity layer coincident with silent earthquakes in southern mexico},
   volume = {324},
   year = {2009},
}

@article{Song2012SC,
   author = {Teh Ru Alex Song and Young Hee Kim},
   doi = {10.1029/2012GL051324},
   issn = {00948276},
   issue = {9},
   journal = {Geophysical Research Letters},
   month = {5},
   publisher = {Blackwell Publishing Ltd},
   title = {Localized seismic anisotropy associated with long-term slow-slip events beneath southern Mexico},
   volume = {39},
   year = {2012},
}

@article{MT2006,
   author = {H. Jödicke and A. Jording and L. Ferrari and J. Arzate and K. Mezger and L. Rüpke},
   doi = {10.1029/2005JB003739},
   issn = {21699356},
   issue = {8},
   journal = {Journal of Geophysical Research: Solid Earth},
   month = {8},
   publisher = {Blackwell Publishing Ltd},
   title = {Fluid release from the subducted Cocos plate and partial melting of the crust deduced from magnetotelluric studies in southern Mexico: Implications for the generation of volcanism and subduction dynamics},
   volume = {111},
   year = {2006},
}

@article{Manea2013,
   author = {V. C. Manea and M. Manea and L. Ferrari},
   doi = {10.1016/j.tecto.2012.12.039},
   issn = {00401951},
   journal = {Tectonophysics},
   keywords = {Mantle wedge,Middle America Subduction Zone,Slab dynamics,Volcanism},
   month = {12},
   pages = {56-81},
   title = {A geodynamical perspective on the subduction of Cocos and Rivera plates beneath Mexico and Central America},
   volume = {609},
   year = {2013},
}

@article{Kim2012,
   author = {Younghee Kim and Meghan S. Miller and Frederick Pearce and Robert W. Clayton},
   doi = {10.1029/2012GC004033},
   issn = {15252027},
   issue = {7},
   journal = {Geochemistry, Geophysics, Geosystems},
   keywords = {Mexico,inversion,mantle wedge,oceanic crust,subduction zone,volcanic arc},
   month = {7},
   publisher = {Blackwell Publishing Ltd},
   title = {Seismic imaging of the Cocos plate subduction zone system in central Mexico},
   volume = {13},
   year = {2012},
}

@article{demets1990current,
  title={Current plate motions},
  author={DeMets, Charles and Gordon, R Go and Argus, DF and Stein, Seth},
  journal={Geophysical journal international},
  volume={101},
  number={2},
  pages={425--478},
  year={1990},
  publisher={Oxford University Press}
}

@article{ganchin1998seismic,
  title={Seismic studies around the Kola superdeep borehole, Russia},
  author={Ganchin, YV and Smithson, SB and Morozov, IB and Smythe, DK and Garipov, VZ and Karaev, NA and Kristofferson, Y},
  doi = {https://doi.org/10.1016/S0040-1951(97)00280-1},
  journal={Tectonophysics},
  volume={288},
  number={1-4},
  pages={1--16},
  year={1998},
  publisher={Elsevier}
}

@article{florez2019impact,
  title={Impact of aseismic ridges on subduction systems: insights from analog modeling},
  author={Fl{\'o}rez-Rodr{\'\i}guez, Adriana Georgina and Schellart, WP and Strak, V},
  doi={https://doi.org/10.1029/2019JB017488},
  journal={Journal of Geophysical Research: Solid Earth},
  volume={124},
  number={6},
  pages={5951--5969},
  year={2019},
  publisher={Wiley Online Library}
}

@article{pilger1981plate,
  title={Plate reconstructions, aseismic ridges, and low-angle subduction beneath the Andes},
  author={Pilger Jr, Rex H},
  doi={https://doi.org/10.1130/0016-7606(1981)92<448:PRARAL>2.0.CO;2},
  journal={Geological Society of America Bulletin},
  volume={92},
  number={7},
  pages={448--456},
  year={1981},
  publisher={Geological Society of America}
}

@article{henderson1984mesozoic,
  title={Mesozoic aseismic ridges on the Farallon plate and southward migration of shallow subduction during the Laramide orogeny},
  author={Henderson, Laurel J and Gordon, Richard G and Engebretson, David C},
  journal={Tectonics},
  volume={3},
  number={2},
  pages={121--132},
  year={1984},
  doi={ https://doi.org/10.1029/TC003i002p00121},
  publisher={Wiley Online Library}
}

@article{Gerya2009,
   author = {Taras V. Gerya and David Fossati and Curdin Cantieni and Diane Seward},
   doi = {10.1127/0935-1221/2009/0021-1931},
   issn = {09351221},
   issue = {3},
   journal = {European Journal of Mineralogy},
   month = {6},
   pages = {649-661},
   publisher = {Schweizerbart},
   title = {Dynamic effects of aseismic ridge subduction: numerical modelling},
   volume = {21},
   year = {2009},
}

@article{Liu2016,
   author = {Sibiao Liu and Claire A. Currie},
   doi = {10.1016/j.tecto.2015.10.010},
   issn = {00401951},
   journal = {Tectonophysics},
   keywords = {Farallon plate,Flat subduction,Laramide orogeny,Numerical modeling,Subduction zones},
   month = {1},
   pages = {33-47},
   publisher = {Elsevier},
   title = {Farallon plate dynamics prior to the Laramide orogeny: Numerical models of flat subduction},
   volume = {666},
   year = {2016},
}

@article{Schellart2021,
   author = {W. P. Schellart and V. Strak},
   doi = {10.1093/gji/ggab126},
   issn = {1365246X},
   issue = {3},
   journal = {Geophysical Journal International},
   keywords = {Continental margins: Convergent,Dynamics of lithosphere and mantle,Folds and folding,Mantle processes,Numerical modelling,Subduction zone processes},
   month = {9},
   pages = {1517-1541},
   publisher = {Oxford University Press},
   title = {Geodynamic models of short-lived, long-lived and periodic flat slab subduction},
   volume = {226},
   year = {2021},
}

@article{stevenson1977angle,
  title={Angle of subduction},
  author={Stevenson, DJ and Turner, JS},
  journal={Nature},
  volume={270},
  number={5635},
  pages={334--336},
  year={1977},
  publisher={Nature Publishing Group}
}

@article{mckenzie1969,
  title={Speculations on the consequences and causes of plate motions},
  author={McKenzie, Dan P},
  journal={Geophysical Journal International},
  volume={18},
  number={1},
  pages={1--32},
  year={1969},
  publisher={Blackwell Publishing Ltd Oxford, UK}
}

@article{Hu2016,
   author = {Jiashun Hu and Lijun Liu and Armando Hermosillo and Quan Zhou},
   doi = {10.1016/j.epsl.2016.01.011},
   issn = {0012821X},
   journal = {Earth and Planetary Science Letters},
   keywords = {Aseismic ridge,Flat slab,Oceanic plateau,Seafloor age,South America,Suction force},
   month = {3},
   pages = {1-13},
   publisher = {Elsevier},
   title = {Simulation of late Cenozoic South American flat-slab subduction using geodynamic models with data assimilation},
   volume = {438},
   year = {2016},
}

@article{Manea2007,
   author = {Vlad Manea and Michael Gurnis},
   doi = {10.1016/j.epsl.2007.08.030},
   issn = {0012821X},
   issue = {1-2},
   journal = {Earth and Planetary Science Letters},
   keywords = {dip angle,flat subduction,low viscosity,mantle wedge},
   month = {12},
   pages = {22-45},
   title = {Subduction zone evolution and low viscosity wedges and channels},
   volume = {264},
   year = {2007},
}

@article{Manea2012Chile,
  title={Chilean flat slab subduction controlled by overriding plate thickness and trench rollback},
  author={Manea, Vlad C and P{\'e}rez-Gussiny{\'e}, Marta and Manea, Marina},
  journal={Geology},
  volume={40},
  number={1},
  pages={35--38},
  year={2012},
  publisher={Geological Society of America}
}

@article{Thermal2012,
   author = {Juan Rodríguez-González and Ana M. Negredo and Magali I. Billen},
   doi = {10.1029/2011GC003859},
   issn = {15252027},
   issue = {1},
   journal = {Geochemistry, Geophysics, Geosystems},
   keywords = {Cocos plate,flat subduction,slab buoyancy,slab dip,subduction dynamics,thermomechanical numerical modeling},
   month = {1},
   publisher = {Blackwell Publishing Ltd},
   title = {The role of the overriding plate thermal state on slab dip variability and on the occurrence of flat subduction},
   volume = {13},
   year = {2012},
}

@article{Manea2011Thermal,
   author = {Vlad C. Manea and Marina Manea},
   doi = {10.1007/s00024-010-0207-9},
   issn = {14209136},
   issue = {8-9},
   journal = {Pure and Applied Geophysics},
   month = {8},
   pages = {1475-1487},
   publisher = {Birkhauser Verlag AG},
   title = {Flat-slab thermal structure and evolution beneath central Mexico},
   volume = {168},
   year = {2011},
}

@article{Gerya2011,
   author = {T. V. Gerya and F. I. Meilick},
   doi = {10.1111/j.1525-1314.2010.00904.x},
   issn = {02634929},
   issue = {1},
   journal = {Journal of Metamorphic Geology},
   keywords = {Active margin,Crustal growth,Numerical modelling,Rheological weakening,Subduction},
   month = {1},
   pages = {7-31},
   title = {Geodynamic regimes of subduction under an active margin: Effects of rheological weakening by fluids and melts},
   volume = {29},
   year = {2011},
}

@article{101Geodynamics,
  title={101 geodynamic modelling: how to design, interpret, and communicate numerical studies of the solid Earth},
  author={Van Zelst, Iris and Crameri, Fabio and Pusok, Adina E and Glerum, Anne and Dannberg, Juliane and Thieulot, Cedric},
  journal={Solid Earth},
  volume={13},
  number={3},
  pages={583--637},
  year={2022},
  publisher={Copernicus GmbH}
}

@article{Lavier2000,
   author = {Luc L. Lavier and W. Roger Buck and Alexei N.B. Poliakov},
   doi = {10.1029/2000jb900108},
   issn = {21699356},
   issue = {B10},
   journal = {Journal of Geophysical Research: Solid Earth},
   month = {10},
   pages = {23431-23442},
   publisher = {Blackwell Publishing Ltd},
   title = {Factors controlling normal fault offset in an ideal brittle layer},
   volume = {105},
   year = {2000},
}

@article{cundall1989numerical,
  title={Numerical experiments on localization in frictional materials},
  author={Cundall, PA},
  journal={Ingenieur-archiv},
  volume={59},
  number={2},
  pages={148--159},
  year={1989},
  publisher={Springer}
}

@article{tovish1978mantle,
  title={Mantle flow pressure and the angle of subduction: Non-Newtonian corner flows},
  author={Tovish, Aaron and Schubert, Gerald and Luyendyk, Bruce P},
  doi = {10.1029/jb083ib12p05892},
  journal={Journal of Geophysical Research: Solid Earth},
  volume={83},
  number={B12},
  pages={5892--5898},
  year={1978},
  publisher={Wiley Online Library}
}

@article{Manea2017,
   author = {V. C. Manea and M. Manea and L. Ferrari and T. Orozco and R. W. Valenzuela and A. Husker and V. Kostoglodov},
   doi = {10.1016/j.tecto.2016.11.037},
   issn = {00401951},
   journal = {Tectonophysics},
   keywords = {Flat-slab subduction,Numeric modeling of slab flattening,Oceanic plate and overriding plate structure,Subducting slabs geometry},
   month = {1},
   pages = {27-52},
   publisher = {Elsevier B.V.},
   title = {A review of the geodynamic evolution of flat slab subduction in Mexico, Peru, and Chile},
   volume = {695},
   year = {2017},
}

@article{Yan2020,
   author = {Zhiyong Yan and Lin Chen and Xiong Xiong and Kai Wang and Renxian Xie and Hou Tze Hsu},
   doi = {10.1007/s11430-019-9575-2},
   issn = {18691897},
   issue = {8},
   journal = {Science China Earth Sciences},
   keywords = {Flat subduction,Formation mechanism,Intracontinental orogeny,Magmatism,Numerical modeling},
   month = {8},
   pages = {1069-1091},
   publisher = {Science in China Press},
   title = {Observations and modeling of flat subduction and its geological effects},
   volume = {63},
   year = {2020},
}

@article{Tan2012,
   author = {Eh Tan and Luc L. Lavier and Harm J.A. Van Avendonk and Arnauld Heuret},
   doi = {10.1029/2012GC004214},
   issn = {15252027},
   issue = {10},
   journal = {Geochemistry, Geophysics, Geosystems},
   keywords = {Accretionary,Coupling,Friction,Seismogenic zone,Strength,Subduction},
   month = {10},
   publisher = {Blackwell Publishing Ltd},
   title = {The role of frictional strength on plate coupling at the subduction interface},
   volume = {13},
   year = {2012},
}

@article{Hacker2003,
   author = {Bradley R. Hacker and Geoffrey A. Abers and Simon M. Peacock},
   doi = {10.1029/2001jb001127},
   issue = {B1},
   journal = {Journal of Geophysical Research: Solid Earth},
   month = {1},
   publisher = {American Geophysical Union (AGU)},
   title = { Subduction factory 1. Theoretical mineralogy, densities, seismic wave speeds, and H 2 O contents },
   volume = {108},
   year = {2003},
}

@article{Gutscher2000Bcan,
  title={Can slab melting be caused by flat subduction?},
  author={Gutscher, Marc-Andr{\'e} and Maury, Ren{\'e} and Eissen, Jean-Philippe and Bourdon, Erwan},
  journal={Geology},
  volume={28},
  number={6},
  pages={535--538},
  year={2000},
  publisher={Geological Society of America},
}

@article{Ulmer1995,
   author = {Peter Ulmer and Volkmar Trommsdorff},
   doi = {10.1126/science.268.5212.858},
   issn = {00368075},
   issue = {5212},
   journal = {Science},
   pages = {858-861},
   title = {Serpentine stability to mantle depths and subduction-related magmatism},
   volume = {268},
   year = {1995},
}

@article{Forster2021,
   author = {M. W. Förster and K. Selway},
   doi = {10.1038/s41467-021-21657-8},
   issn = {20411723},
   issue = {1},
   journal = {Nature Communications},
   month = {12},
   pmid = {33637742},
   publisher = {Nature Research},
   title = {Melting of subducted sediments reconciles geophysical images of subduction zones},
   volume = {12},
   year = {2021},
}

@article{Chen1990,
   author = {Yongshun Chen and W. J. Morgan},
   doi = {10.1029/jb095ib11p17583},
   issn = {01480227},
   issue = {B11},
   journal = {Journal of Geophysical Research},
   title = {A nonlinear rheology model for mid-ocean ridge axis topography},
   volume = {95},
   year = {1990},
}

@article{davis1974,
  title={Fundamentals of ridge crest topography},
  author={Davis, EE and Lister, CRB},
  journal={Earth and Planetary Science Letters},
  volume={21},
  number={4},
  pages={405--413},
  year={1974},
  publisher={Elsevier},
  doi={10.1016/0012-821X(74)90180-0},
}

@article{culling1960analytical,
  title={Analytical theory of erosion},
  author={Culling, W Edward H},
  journal={The Journal of Geology},
  volume={68},
  number={3},
  pages={336--344},
  year={1960},
  publisher={University of Chicago Press},
  doi={https://doi.org/10.1086/626663}
}

@article{hayes2018slab2,
  title={Slab2, a comprehensive subduction zone geometry model},
  author={Hayes, Gavin P and Moore, Ginevra L and Portner, Daniel E and Hearne, Mike and Flamme, Hanna and Furtney, Maria and Smoczyk, Gregory M},
  journal={Science},
  volume={362},
  number={6410},
  pages={58--61},
  year={2018},
  doi={10.1126/science.aat4723},
  publisher={American Association for the Advancement of Science}
}

@article{syracuse2010global,
  title={The global range of subduction zone thermal models},
  author={Syracuse, Ellen M and van Keken, Peter E and Abers, Geoffrey A},
  journal={Physics of the Earth and Planetary Interiors},
  volume={183},
  number={1-2},
  pages={73--90},
  year={2010},
  publisher={Elsevier}
}

@article{gerya2002exhumation,
  title={Exhumation of high-pressure metamorphic rocks in a subduction channel: A numerical simulation},
  author={Gerya, Taras V and St{\"o}ckhert, Bernhard and Perchuk, Alexey L},
  journal={Tectonics},
  volume={21},
  number={6},
  pages={6--1},
  year={2002},
  publisher={Wiley Online Library}
}

@article{penniston2015global,
  title={The global range of subduction zone thermal structures from exhumed blueschists and eclogites: Rocks are hotter than models},
  author={Penniston-Dorland, Sarah C and Kohn, Matthew J and Manning, Craig E},
  journal={Earth and Planetary Science Letters},
  volume={428},
  pages={243--254},
  year={2015},
  publisher={Elsevier}
}

@article{nieto2006latest,
  title={Latest Cretaceous to Miocene deformation events in the eastern Sierra Madre del Sur, Mexico, inferred from the geometry and age of major structures},
  author={Nieto-Samaniego, AF and Alaniz-{\'A}lvarez, SA and Silva-Romo, G and Eguiza-Castro, MH and Mendoza-Rosales, CC},
  journal={Geological Society of America Bulletin},
  volume={118},
  number={1-2},
  pages={238--252},
  year={2006},
  publisher={Geological Society of America}
}

@book{moran2007cenozoic,
    author = {Jaime Morán-Zenteno, Dante and Cerca, Mariano and Duncan Keppie, John},
    isbn = {9780813724225},
    title = "{The Cenozoic tectonic and magmatic evolution of southwestern México: Advances and problems of interpretation}",
    booktitle = "{Geology of Me´xico: Celebrating the Centenary of the Geological Society of Me´xico}",
    publisher = {Geological Society of America},
    year = {2007},
    month = {01},
    doi = {10.1130/2007.2422(03)},
    url = {https://doi.org/10.1130/2007.2422(03)},
}

@article{bird2003updated,
  title={An updated digital model of plate boundaries},
  author={Bird, Peter},
  journal={Geochemistry, Geophysics, Geosystems},
  volume={4},
  number={3},
  year={2003},
  publisher={Wiley Online Library}
}

@article{venzke2013global,
  title={Global Volcanism Program.},
  author={Venzke, E e},
  year={2013},
  publisher={Smithsonian Institution},
  journal={Volcanoes of the World. Volcanoes of the World, v. 4.9. 1 (17 Sep 2020)},
}

@article{liu2011modeling,
  title={Modeling heat transfer from a convecting, crystallizing, replenished silicic magma chamber at an oceanic spreading center},
  author={Liu, Lei and Lowell, Robert P},
  journal={Geochemistry, Geophysics, Geosystems},
  volume={12},
  number={9},
  year={2011},
  publisher={Wiley Online Library}
}

